@article{Bradshaw1995,
author = {Bradshaw, H. D. and Wilbert, S. M. and Otto, K. G. and Schemske, D. W.},
year = {1995},
title = {Genetic mapping of floral traits associated with reproductive isolation in monkey flowers ({M}imulus)},
journal = {Nature},
volume = {376},
pages = {762--765}
}

@article{Bradshaw1998,
author = {Bradshaw, H. D., JR. and  Otto, K. G. and Frewen, B. E. and McKay, J. K. and Schemske, D. W.},
year = {1998},
title = {Quantitative trait loci affecting differences in floral morphology between two species of monkeyflower ({M}imulus)},
journal = {Genetics},
volue = {149},
pages = {367--382}
}

@article{Broman2003,
	Author = {Karl W Broman and Hao Wu and Saunak Sen and Gary A Churchill},
	Journal = {Bioinformatics},
	Number = {7},
	Pages = {889--890},
	Title = {R/qtl: {QTL} mapping in experimental crosses},
	Volume = {19},
	Year = {2003}}

@article{Burgess2008,
author = {Burgess-Herbert, Sarah L. and Allison Cox and Shirng-Wern Tsaih and Beverly Paigen},
year = {2008},
journal = {Genetics},
volume = {180},
pages = {2227--2235},
title = {Practical applications of the bioinformatics toolbox for narrowing quantitative trait loci}}

@article{Churchill1994,
	Author = {G. A. Churchill and R. W. Doerge},
	Journal = {Genetics},
	Number = {3},
	Pages = {963--971},
	Title = {Empirical threshold values for quantitative trait mapping},
	Volume = {138},
	Year = {1994}}

@article{Cox2009,
author = {Cox, Allison and Ackert-Bicknell, Cheryl L and Dumont, Beth L and Ding, Yueming and Bell, Jordana Tzenova and Brockmann, Gudrun A and Wergedal, Jon E and Bult, Carol and Paigen, Beverly and Flint, Jonathan and Tsaih, Shirng-Wern and Churchill, Gary A and Broman, Karl W},
journal = {Genetics},
pages = {1335--1344},
title = {A new standard genetic map for the laboratory mouse},
volume = {182},
year = {2009}
}

@book{Coyne2004,
author = {Coyne, J. A. and Orr, H. A.},
year = {2004},
title = {Speciation},
publisher = {Sinauer Associates},
address = {Sunderland, MA}
}

@article{Doebley1991,
author = {Doebley, J. and Stec, A.},
year = {1991},
title = {Genetic analysis of the morphological differences between maize and teosinte},
journal = {Genetics},
volume = {129},
pages = {285--295}
}

@article{Fitzjohn2009,
author = {Fitzjohn, R. G. and Maddison, W. P. and Otto, S. P.},
year = {2009},
title = {Estimating trait-dependent speciation and extinction rates from incompletely resolved phylogenies},
journal = {Syst. Biol.},
volume = {58},
pages = {595--611}
}

@article{Freckleton2006,
author = {Freckleton, R. P. and Harvey, P. H.},
year = {2006},
title = {Detecting non-Brownian trait evolution in adaptive radiations},
journal = {PLoS Biol.},
volume = {4},
pages = {e373}
}

@article{Garland1992,
author = {Garland, T., Jr.},
year = {1992},
title = {Rate tests for phenotypic evolution using phylogenetically independent contrasts},
journal = {Am. Nat.},
volume = {140},
pages = {509--519}
}

@article{Garland2000,
author = {Garland, T. and Ives, A. R.},
year = {2000},
title = {Using the past to predict the present: confidence intervals for regression equations in phylogenetic comparative methods},
journal = {Am. Nat.},
volume = {155},
pages = {346--364}
}

@article{Haley1992,
	Author = {C. S. Haley and S. A. Knott},
	Journal = {Heredity},
	Number = {4},
	Pages = {315--324},
	Title = {A simple regression method for mapping quantitative trait loci in line crosses using flanking markers},
	Volume = {69},
	Year = {1992}}

@article{Hall2010,
author = {Hall, M. C. and Lowry, D. B. and Willis, J. H.},
year = {2010},
title = {Is local adaptation in \emph{{M}imulus guttatus\/} caused by trade-offs at individual loci?},
journal = {Mol. Ecol.},
volume = {19},
pages = {2739--2753}
}

@article{Hansen1997,
author = {Hansen, T.},
year = {1997},
title = {Stabilizing selection and the comparative analysis of adaptation},
journal = {Evolution},
volume = {51},
pages = {1341--1351}
}

@article{Lander1989,
	Author = {E. S. Lander and D. Botstein},
	Journal = {Genetics},
	Number = {1},
	Pages = {185--199},
	Title = {Mapping {M}endelian factors underlying quantitative traits using {RFLP} linkage maps},
	Volume = {121},
	Year = {1989}}

@article{Li2005,
   author = {Li, R. and Lyons, M. A. and Wittenburg, H. and Paigen, B. and Churchill, G. A.},
   title = {Combining data from multiple inbred line crosses improves the power and resolution of quantitative trait loci mapping},
   journal = {Genetics},
   volume = {169},
   number = {3},
   pages = {1699--1709},
   year = {2005}
}

@article{Lyons1,
   author = {Lyons, M. A. and Wittenburg, H. and Li, R. and Walsh, K. A. and Churchill, G. A. and Carey, M. C. and Paigen, B.},
   title = {Quantitative trait loci that determine lipoprotein cholesterol levels in {DBA/2J} and {CAST/Ei} inbred mice},
   journal = {J. Lipid Res.},
   volume = {44},
   number = {5},
   pages = {953--967},
   year = {2003}
}

@article{Lyons2,
   author = {Lyons, M. A. and Wittenburg, H. and Li, R. and Walsh, K. A. and Leonard, M. R. and Churchill, G. A. and Carey, M. C. and Paigen, B.},
   title = {New quantitative trait loci that contribute to cholesterol gallstone formation detected in an intercross of {CAST/Ei} and {129S1/SvImJ} inbred mice},
   journal = {Physiol. Genomics},
   volume = {14},
   number = {3},
   pages = {225--239},
   year = {2003}
}

@article{Lyons3,
   author = {Lyons, M. A. and Wittenburg, H. and Li, R. and Walsh, K. A. and Leonard, M. R. and Korstanje, R. and Churchill, G. A. and Carey, M. C. and Paigen, B.},
   title = {\emph{Lith6\/}: a new {QTL} for cholesterol gallstones from an intercross of {CAST/Ei} and {DBA/2J} inbred mouse strains},
   journal = {J. Lipid Res.},
   volume = {44},
   number = {9},
   pages = {1763--1771},
   year = {2003}
}

@article{MacdonaldLong2007,
   author = {Macdonald, S. J. and Long, A. D.},
   title = {Joint estimates of quantitative trait locus effect and frequency using synthetic recombinant populations of \emph{{D}rosophila melanogaster}},
   journal = {Genetics},
   volume = {176},
   number = {2},
   pages = {1261--1281},
   year = {2007}
}

@article{Maddison1997,
author = {Maddison, W.},
year = {1997},
title = {Gene trees in species trees},
journal = {Syst. Biol.},
volume = {46},
pages = {523--536}
}

@article{Maddison2007,
author = {Maddison, W. P. and Midford, P. E. and Otto, S. P.},
year = {2007},
title = {Estimating a binary character's effect on speciation and extinction},
journal = {Syst. Biol.},
volume = {56},
pages = {701--710}
}

@article{Mauricio2001,
   author = {Mauricio, R.},
   title = {Mapping quantitative trait loci in plants: Uses and caveats for evolutionary biology},
   journal = {Nat. Rev. Genet.},
   volume = {2},
   pages = {370--381},
   year = {2001}
}

@article{McDermott2011,
author = {McDermott, S. R. and Noor, M. A.},
year = {2011},
title = {Genetics of hybrid male sterility among strains and species in the \emph{Drosophila pseudoobscura\/} species group},
journal = {Evolution},
volume = {65},
pages = {1969--1978}
}

@article{MitchellOlds2007,
author = {Mitchell-Olds, T. and Willis, J. H. and Goldstein, D. B.},
year = {2007},
title = {Which evolutionary processes influence natural genetic variation for phenotypic traits},
journal = {Nat. Rev. Genet.},
volume = {8},
pages = {845--856}
}

@article{Moehring2006,
author = {Moehring, A. J. and Llopart, A. and Elwyn, S. and Coyne, J. A. and Mackay, T. F.},
year = {2006},
title = {The genetic basis of prezygotic reproductive isolation between \emph{Drosophila santomea\/} and \emph{D. yakuba\/} due to mating preference},
journal = {Genetics},
volume = {173},
pages = {215--223}
}

@article{Moyle2008,
author = {Moyle, L. C. and Nakazato, T.},
year = {2008},
title = {Comparative genetics of hybrid incompatibility: sterility in two {S}olanum species crosses},
journal = {Genetics},
volume = {179},
pages = {1437--1453}
}

@article{Moyle2009,
   author = {Moyle, L. C. and Payseur, B. A.},
   title = {Reproductive isolation grows on trees},
   journal = {Trends Ecol. Evol.},
   volume = {24},
   number = {11},
   pages = {591--598},
   year = {2009}
}

@article{Oka2007,
author = {Oka, A. and Aoto, T. and Totsuka, Y. and Takahashi, R. and Ueda, M. and Mita, A. and Sakurai-Yamatani, N. and Yamamoto, H. and Kuriki, S. and Takagi, N. and Moriwaki, K. and Shiroishi, T.},
year = {2007},
title = {Disruption of genetic interaction between two autosomal regions and the {X} chromosome causes reproductive isolation between mouse strains derived from different subspecies},
journal = {Genetics},
volume = {175},
pages = {185--197}
}

@article{Orr1998,
author = {Orr, H. A.},
year = {1998},
title = {Testing natural selection vs. genetic drift in phenotypic evolution using quantitative trait locus data},
journal = {Genetics},
volume = {149},
pages = {2099--2104}
}

@article{Pagel1999,
author = {Pagel, M.},
year = {1999},
title = {Inferring the historical patterns of biological evolution},
journal = {Nature},
volume = {401},
pages = {877--884}
}

@article{Pagel2004,
author = {Pagel, M. and Meade, A. and Barker, D.},
year = {2004},
title = {Bayesian estimation of ancestral character states on phylogenies},
journal = {Syst. Biol.},
volume = {53},
pages = {673--684}
}

@article{Pamilo1988,
author = {Pamilo, P. and Nei, M.},
year = {1988},
title = {Relationships between gene trees and species trees},
journal = {Mol. Biol. Evol.},
volume = {5},
pages = {568--583}
}

@article{Peichel2001,
author = {Peichel, C. L. and Nereng, K. S. and Ohgi, K. A. and Cole, B. L. and Colosimo, P. F. and Buerkle, C. A. and Schluter, D. and Kingsley, D. M.},
year = {2001},
title = {The genetic architecture of divergence between threespine stickleback species},
journal = {Nature},
volume = {414},
pages = {901--905}
}

@article{Pollard2006,
author = {Pollard, D. A. and Iyer, V. N. and Moses, A. M. and Eisen, M. B.},
year = {2006},
title = {Widespread discordance of gene trees with species tree in {D}rosophila: Evidence for incomplete lineage sorting},
journal = {PLoS Genet.},
volume = {2},
pages = {1634--1647}
}

@Manual{R,
       title        = {R: A Language and Environment for Statistical
                       Computing},
       author       = {{R Development Core Team}},
       organization = {R Foundation for Statistical Computing},
       address      = {Vienna, Austria},
       year         = 2010,
       note         = {{ISBN} 3-900051-07-0},
       url          = {http://www.R-project.org}
}

@article{Rieseberg2002,
author = {Rieseberg, L. H. and Widmer, A. and Arntz, A. M. and Burke, J. M.},
year = {2002},
title = {Directional selection is the primary cause of phenotypic diversification},
journal = {Proc. Natl. Acad. Sci. USA},
volume = {99},
pages = {12242--12245}
}

@article{Schluter1997,
author = {Schluter, D. and Price, T. and Mooers, A. O. and Ludwig, D.},
year = {1997},
title = {Likelihood of ancestor states in adaptive radiation},
journal = {Evolution},
volume = {51},
pages = {1699--1711}
}

@article{Shaw2007,
author = {Shaw, K. L. and Parsons, Y. M. and Lesnick, S. C.},
year = {2007},
title = {{QTL} analysis of a rapidly evolving speciation phenotype in the {H}awaiian cricket \emph{{L}aupala}},
journal = {Mol. Ecol.},
volume = {16},
pages = {2879--2892}
}

@article{Steiner2007,
author = {Steiner, C. C. and Weber, J. N. and Hoekstra, H. E.},
year = {2007},
title = {Adaptive variation in beach mice produced by two interacting pigmentation genes},
journal = {PLoS Biol.},
volume = {5},
pages = {e219}
}

@article{Venditti2011,
author = {Venditti, C. and Meade, A. and Pagel, M.},
year = {2011},
title = {Multiple routes to mammalian diversity},
journal = {Nature},
volume = {479},
pages = {393--396}
}

@article{White2009,
author = {White, M. A. and An\'e, C. and Dewey, C. N. and Larget, B. R. and Payseur, B. A.},
year = {2009},
title = {Fine-scale phylogenetic discordance across the house mouse genome},
journal = {PLoS Genet.},
volume = {5},
pages = {e1000729}
}

@article{White2011,
author = {White, M. A. and Steffy, B. and Wiltshire, T. and Payseur, B. A.},
year = {2011},
title = {Genetic dissection of a key reproductive barrier between nascent species of house mice},
journal = {Genetics},
volume = {189},
pages = {289--304}
}

@article{Wittenburg1,
   author = {Wittenburg, H. and Lyons, M. A. and Li, R. and Churchill, G. A. and Carey, M. C. and Paigen, B.},
   title = {{FXR} and {ABCG5/ABCG8} as determinants of cholesterol gallstone formation from quantitative trait locus mapping in mice},
   journal = {Gastroenterology},
   volume = {125},
   number = {3},
   pages = {868--881},
   year = {2003}
}

@article{Wittenburg2,
   author = {Wittenburg, H. and Lyons, M. A. and Li, R. and Kurtz, U. and Mossner, J. and Churchill, G. A. and Carey, M. C. and Paigen, B.},
   title = {Association of a lithogenic \emph{{A}bcg5/{A}bcg8\/} allele on chromosome 17 (\emph{{L}ith9\/}) with cholesterol gallstone formation in {PERA/EiJ} mice},
   journal = {Mamm. Genome},
   volume = {16},
   number = {7},
   pages = {495--504},
   year = {2005}
}


@article{Zhang2012,
author = {Zhang, Z. and Zhang, X. and Wang, W.},
title = {{HTreeQA}: Using semi-perfect phylogeny trees in quantitative trait loci study on genotype data},
journal = {G3},
volume = {2},
year = {2012},
pages = {175--189}
}

@article{Pan2009,
author = {Pan, F. and Yang, L. and McMillan, L. and Pardo-Manuel De Villena, F. and Threadgill, D. and Wang, W.},
title = {{TreeQA}: quantitative genome-wide association mapping using local perfect phylogeny trees},
journal = {Pac. Symp. Biocomput.},
volume = {426},
pages = {415--426},
year = {2009}
}

@article{Zollner2005,
author = {Z\"ollner, S. and Pritchard, J. K.},
year = {2005},
title = {Coalescent-based association mapping and fine mapping of complex trait loci},
journal = {Genetics},
volume = {169},
pages = {1071--1092}
}

#### no longer used ####

article{Cox2010,
author = {Cox, A and Sheehan, S M and Kl\"{o}ting, I and Paigen, B and Korstanje, R},
journal = {Heredity},
pages = {426--432},
title = {Combining {QTL} data for {HDL} cholesterol levels from two different species leads to smaller confidence intervals},
volume = {105},
year = {2010}
}

article{Erickson2004,
   author = {Erickson, D. L. and Fenster, C. B. and Stenoien, H. K. and Price, D.},
   title = {Quantitative trait locus analyses and the study of evolutionary process},
   journal = {Mol. Ecol.},
   volume = {13},
   pages = {2505-2522},
   year = {2004}
}

article{Sen2001,
	Author = {S. Sen and G. A. Churchill},
	Journal = {Genetics},
	Number = {1},
	Pages = {371--387},
	Title = {A statistical framework for quantitative trait mapping},
	Volume = {159},
	Year = {2001}
}

article{Mackay2001,
   author = {Mackay, T. F.},
   title = {The genetic architecture of quantitative traits},
   journal = {Annu. Rev. Genet.},
   volume = {35},
   pages = {303-339},
   year = {2001}
}
